ISA|00|          |00|          |ZZ|ZIRMED         |ZZ|BRVP007        |250828|0628|}|00501|000003368|0|P|^~GS|HP|ZIRMED|BRVP007|20250828|0628|3368|X|005010X221A1~ST|835|0001~BPR|I|2466.16|C|ACH|CCP|01|031207607|DA|8026449136|1843673030||01|021000021|DA|579589729|20250827~TRN|1|0001527305|1843673030|8352025082801290529~REF|EV|1629688841~DTM|405|20250827~N1|PR|BRAVEN HEALTH~N3|PO BOX 420~N4|NEWARK|NJ|071010420~PER|BL|HORIZON BCBSNJ|EM|HORIZONEDI@HORIZONBLUE.COM|TE|8883349242~N1|PE|GLOBAL HEALTH EMS INC|XX|1629688841~N3|440 MARKET ST STE 8~N4|ELMWOOD PARK|NJ|074072618~REF|PQ|8426248000~REF|TJ|842624800~LX|1~CLP|17902|1|1760|570.76||13|780272522582877   00|41|1~NM1|QC|1|AYALA|ISRAEL||||MI|B7U3HZN37292890~NM1|74|1||||||C|B7U3HZN372928901~DTM|232|20250809~DTM|233|20250809~DTM|050|20250813~AMT|AU|570.76~AMT|T2|570.76~SVC|HC^A0428^RJ|850|270.12||1~DTM|472|20250809~CAS|CO|45|579.88~REF|6R|10393054709Z1~AMT|B6|270.12~SVC|HC^A0428^JR|850|270.12||1~DTM|472|20250809~CAS|CO|45|579.88~REF|6R|10393054709Z3~AMT|B6|270.12~SVC|HC^A0425^RJ|30|15.26||2~DTM|472|20250809~CAS|CO|45|14.74~REF|6R|10393054709Z2~AMT|B6|15.26~SVC|HC^A0425^JR|30|15.26||2~DTM|472|20250809~CAS|CO|45|14.74~REF|6R|10393054709Z4~AMT|B6|15.26~CLP|17903|1|1760|570.76||13|780272522582921   00|41|1~NM1|QC|1|AYALA|ISRAEL||||MI|B7U3HZN37292890~NM1|74|1||||||C|B7U3HZN372928901~DTM|232|20250811~DTM|233|20250811~DTM|050|20250813~AMT|AU|570.76~AMT|T2|570.76~SVC|HC^A0428^RJ|850|270.12||1~DTM|472|20250811~CAS|CO|45|579.88~REF|6R|10393054703Z1~AMT|B6|270.12~SVC|HC^A0428^JR|850|270.12||1~DTM|472|20250811~CAS|CO|45|579.88~REF|6R|10393054703Z3~AMT|B6|270.12~SVC|HC^A0425^RJ|30|15.26||2~DTM|472|20250811~CAS|CO|45|14.74~REF|6R|10393054703Z2~AMT|B6|15.26~SVC|HC^A0425^JR|30|15.26||2~DTM|472|20250811~CAS|CO|45|14.74~REF|6R|10393054703Z4~AMT|B6|15.26~CLP|42376|1|970|331.16||13|780272522582476   00|41|1~NM1|QC|1|CROCKER|JOSEPH||||MI|B7U3HZN75058390~NM1|74|1||||||C|B7U3HZN750583900~DTM|232|20250808~DTM|233|20250808~DTM|050|20250813~AMT|AU|331.16~AMT|T2|331.16~SVC|HC^A0428^JR|850|270.12||1~DTM|472|20250808~CAS|CO|45|579.88~REF|6R|1~AMT|B6|270.12~SVC|HC^A0425^JR|120|61.04||8~DTM|472|20250808~CAS|CO|45|58.96~REF|6R|2~AMT|B6|61.04~CLP|42375|1|970|331.16||13|780272522582920   00|41|1~NM1|QC|1|CROCKER|JOSEPH||||MI|B7U3HZN75058390~NM1|74|1||||||C|B7U3HZN750583900~DTM|232|20250808~DTM|233|20250808~DTM|050|20250813~AMT|AU|331.16~AMT|T2|331.16~SVC|HC^A0428^RJ|850|270.12||1~DTM|472|20250808~CAS|CO|45|579.88~REF|6R|1~AMT|B6|270.12~SVC|HC^A0425^RJ|120|61.04||8~DTM|472|20250808~CAS|CO|45|58.96~REF|6R|2~AMT|B6|61.04~CLP|42378|1|970|331.16||13|780272522582956   00|41|1~NM1|QC|1|CROCKER|JOSEPH||||MI|B7U3HZN75058390~NM1|74|1||||||C|B7U3HZN750583900~DTM|232|20250811~DTM|233|20250811~DTM|050|20250813~AMT|AU|331.16~AMT|T2|331.16~SVC|HC^A0428^JR|850|270.12||1~DTM|472|20250811~CAS|CO|45|579.88~REF|6R|1~AMT|B6|270.12~SVC|HC^A0425^JR|120|61.04||8~DTM|472|20250811~CAS|CO|45|58.96~REF|6R|2~AMT|B6|61.04~CLP|42377|1|970|331.16||13|780272522583285   00|41|1~NM1|QC|1|CROCKER|JOSEPH||||MI|B7U3HZN75058390~NM1|74|1||||||C|B7U3HZN750583900~DTM|232|20250811~DTM|233|20250811~DTM|050|20250813~AMT|AU|331.16~AMT|T2|331.16~SVC|HC^A0428^RJ|850|270.12||1~DTM|472|20250811~CAS|CO|45|579.88~REF|6R|1~AMT|B6|270.12~SVC|HC^A0425^RJ|120|61.04||8~DTM|472|20250811~CAS|CO|45|58.96~REF|6R|2~AMT|B6|61.04~SE|144|0001~GE|1|3368~IEA|1|000003368~